@Manual{subset-026,
  title = 	 {System Requirements Specification, SUBSET-026},
  author =  {ERA},
  year = 	 2012,
  number = 	 {v3.3.0},
  month = 	 {March}}


@Manual{d353,
  title = 	 {Deliverable D.5.3: openETCS Architecture and Design Specification},
  author =  {Peter Mahlmann et al},
  year = 	 2015,
  month = 	 {September},
  note = {\url{https://github.com/openETCS/modeling/tree/master/openETCS%20ArchitectureAndDesign/D3.5.3}}}

@Manual{S3,
  title = 	 {Systerel Smart Solver},
  author =  {Systerel},
  note = {\url{http://www.systerel.fr/en/products/systerel-smart-solver/}}}

@InProceedings{al91,
  author = 	 {N. Halbwachs et al},
  title = 	 {The Synchronous Data Flow Programming Language LUSTRE},
  booktitle = {Proc. IEEE},
  year = 	 1991,
  volume = 	 {79.9}}


@InProceedings{halbwachs05,
  author = 	 {Nicolas Halbwachs},
  title = 	 {A synchronous language at work: the story of Lustre},
  booktitle = {Third ACM and
IEEE International Conference on Formal Methods and Models for Co-Design (MEMOCODE)},
  year = 	 2005}

@inproceedings{forget:hal-00688490,
  TITLE = {{A Real-Time Architecture Design Language for Multi-Rate Embedded Control Systems}},
  AUTHOR = {Forget, Julien and Boniol, Fr{\'e}d{\'e}ric and Lesens, David and Pagetti, Claire},
  URL = {https://hal.archives-ouvertes.fr/hal-00688490},
  BOOKTITLE = {{25th ACM Symposium On Applied Computing}},
  ADDRESS = {Sierre, Switzerland},
  PAGES = {527--534},
  YEAR = {2010},
  MONTH = Mar,
  KEYWORDS = {Real-time systems ; Synchronous ; Scheduling ; Compilation},
  PDF = {https://hal.archives-ouvertes.fr/hal-00688490/file/sac.pdf},
  HAL_ID = {hal-00688490},
  HAL_VERSION = {v1},
}


@InProceedings{whalen07,
  author = 	 {Michael Whalen and Darren Cofer and Steven Miller and
                  Bruce Krogh and Walter Storm},
  title = 	 {Integration of Formal Analysis into a Model-Based Software Development Process},
  booktitle = {Proceedings of the 12th International Workshop on Industrial Critical Systems (FMICS)},
  year = 	 2007}
