@misc{traege_umsetzung,
	type = {{todo}},
	title = {{Tr채ge Umsetzung von ETCS}}
}

@misc{vmodell,
	type = {{todo}},
	title = {{V-Modell}}
        % kommt auch direkt in EN 50128 vor: Figure 4, Seite 23
}

@article{en50128, 
author={CENELEC}, 
journal={EN 50128}, 
title={{Railway applications - Communication, signalling and processing systems -  Software for railway control and protection systems}}, 
year={2011}
}

@book{jastram-thesis-2012,
  author     = {Michael Jastram},
  title      = {{The ProR Approach: Traceability of Requirements and System
    Descriptions}},
  publisher  = {CreateSpace},
  institution = {Heinrich-Heine University Dusseldorf},
  year       = {2012},
  series     = {Inaugural-Dissertation},
}

@article{HalJasLad2012,
  author     = {Stefan Hallerstede and Michael Jastram and Lukas Ladenberger},
  title      = {{A Method and Tool for Tracing Requirements into Specifications}},
  publisher       = {Science of Computer Programming},
  year       = {2012},
  pages      = {31 p},
}

@article{Hase2011,
  author     = {Klaus-R체diger Hase and Jean Koulischer},
  title      = {{openETCS: Open Source Prinzipien f체r das Europ채ische Zugsicherungssystem}},
  publisher       = {ZEVrail},
  year       = {2011},
  journal    = {Tagungsband SFT Graz},
  pages      = {2 p}
}


